<?xml version="1.0" encoding="UTF-8"?><collection xmlns="http://www.loc.gov/MARC21/slim"><record><leader>00381nam--2200145-i-4500</leader><controlfield tag="001">000014472</controlfield><controlfield tag="002">20161230</controlfield><controlfield tag="005">20170208172919</controlfield><controlfield tag="008">060222s1000------------r-----000-0-eng-d</controlfield><datafield ind1=" " ind2=" " tag="245"><subfield code="a">Proceedings</subfield></datafield><datafield ind1=" " ind2=" " tag="260"><subfield code="a">Philippines</subfield><subfield code="b">Philippine Atomic Energy Commission</subfield><subfield code="c">1981</subfield></datafield><datafield ind1=" " ind2=" " tag="300"><subfield code="a">72 p</subfield></datafield><datafield ind1=" " ind2=" " tag="700"><subfield code="a">Dezla Paz, Lilia R</subfield></datafield><datafield ind1=" " ind2=" " tag="852"><subfield code="a">621.039.83(914)(061.3)</subfield></datafield><datafield ind1=" " ind2=" " tag="CAT"><subfield code="a">SYS</subfield><subfield code="c">20170208</subfield><subfield code="h">172919</subfield></datafield></record></collection>